@article{r1,
  url={https://boutiquepro.orange.fr/equipements-mitel-67i.html},
}

@article{r2,
  url={https://www.officeeasy.fr/yealink-w76p.html},
}

@article{r3,
  url={https://assistancepro.orange.fr/},
} 

@article{r4,
  url={https://assistancepro.orange.fr/},
}
 
